<?xml version="1.0" encoding="UTF-8"?><collection xmlns="http://www.loc.gov/MARC21/slim"><record><leader>00437nam--2200133-i-4500</leader><controlfield tag="001">000041810</controlfield><controlfield tag="002">20161230</controlfield><controlfield tag="005">20161230201043</controlfield><controlfield tag="008">060222s1000------------r-----000-0-eng-d</controlfield><datafield ind1=" " ind2=" " tag="080"><subfield code="a">616</subfield></datafield><datafield ind1=" " ind2=" " tag="100"><subfield code="a">Slabodesk,Nicole</subfield></datafield><datafield ind1=" " ind2=" " tag="245"><subfield code="a">Les tumeurs villeuses du colon et du rectum approche statistique et informationnelle sur en echantillon de 123 cas. these</subfield></datafield><datafield ind1=" " ind2=" " tag="260"><subfield code="a">Paris, Faculte De Medicine Saint-a Ntoine, 1971. 93+viii P</subfield></datafield><datafield ind1=" " ind2=" " tag="852"><subfield code="a">38980</subfield></datafield></record></collection>